LDR  00729cas  2200241 a 45  
005  19930210000000.0
008  720301c19719999njuar1    cd  0uuua0eng  
010       $a 74253265
022  0    $a 0052-3232
035       $a (OCoLC)1267589
049       $a CUNA $a CUNV $a CUN@
090       $a PQ23 $b .P57
098       $n ov=.b1048715
210  0    $a Handbook of chem. $b (Print ed.)
222  00   $a Handbook of Chemistry $b (Print ed.)
245  00   $a Handbook of chemistry : $b HC.
260  00   $a Oradell, N.J. : $b Medical Economics Co.,
300       $a v. : $b ill. ; $c 26 cm.
310       $a Annual.
362  1    $a Began with 1962 issue.
500       $a UCSF PE: 850 HAS NO LOCATION CODE, REJECT (07/06).
650   0   $a Chemicals $x Dictionaries $x Periodicals.
901       $a SFB $b 10074582

Record 4
