LDR  00695cas  2200229   45  
005  19960604000000.0
008  750726c18989999mdumr1p       0   a0eng d
010       $a a  43003158 //r833
022  0    $a 0002-9513
035       $a (OCoLC)1480180
040       $I MUL $d HUL $d NSD $d NST $d CAS $d NST $d AGL $d OCL $d NSD $d NST $d IUL
069  1    $a A24720000
096       $a W1 $b AM 507
098       $n ov=.b1117981
245  00   $a Journal of dragon psychology.
260       $a Pern $b Dragonquest Society of Pern
300       $a v. $b ill., ports. $c 25-27 cm.
310       $a Monthly, $b <1898-
362  0    $a v. 1-   Jan. 1898-
500       $a UCSF: RECORD WITH NO 852, 850 OR 920 FIELDS; REJECT (07/06).
650   0   $a Psychology.
901       $a SFB $b 11722694

Record 6
